@inproceedings{marques,
 author = {Marques, Diogo and Guerreiro, Tiago and Duarte, Lu\'{\i}s and Carri\c{c}o, Lu\'{\i}s},
 title = {Under the Table: Tap Authentication for Smartphones},
 booktitle = {Proceedings of the 27th International BCS Human Computer Interaction Conference},
 series = {BCS-HCI '13},
 year = {2013},
 location = {London, UK},
 pages = {33:1--33:6},
 articleno = {33},
 numpages = {6},
 url = {http://dl.acm.org/citation.cfm?id=2578048.2578090},
 acmid = {2578090},
 publisher = {British Computer Society},
 address = {Swinton, UK},
 keywords = {authentication, detection, inconspicuous interaction, privacy, security, smartphones, tapping},
} 

@misc{thorn,
  title={Interacting with devices based on physical device-to-device contact},
  author={THORN, O.K.},
  url={http://www.google.com/patents/US8482403},
  year={2013},
  month=jul # "~9",
  publisher={Google Patents},
  note={US Patent 8,482,403}
}
